
@phdthesis{verelst_numerical_2013:diss,
  author = "D. R. Verelst",
  school = "DTU Wind Energy",
  title = "Numerical and Experimental Results of a Passive Free Yawing Downwind Wind Turbine",
  year = 2013,
  volume = "555",
  issue = "1",
  url = {http://orbit.dtu.dk/files/59650574/DTU_Wind_Energy_PhD_0023_EN_.pdf}
}

@article{verelst_wind_2014,
	title = "Wind tunnel tests of a free yawing downwind wind turbine",
	doi = "10.1088/1742-6596/555/1/012103",
	url = {http://dx.doi.org/10.1088/1742-6596/555/1/012103},
	journal = "Journal of Physics: Conference Series",
	author = "D. R. Verelst and T. J. Larsen and J. W. van Wingerden",
	year = 2014
}

@phdthesis{bracchi_downwind_2014:diss,
  author = "T. Bracchi",
  school = "NTNU",
  title = "Downwind Rotor: Studies on yaw Stability and Design of a Suitable Thin Airfoil",
  year = 2014
}

@article{bottasso_validation_2015,
	title = "Validation of a wind misalignment observer using field test data",
	doi = "10.1016/j.renene.2014.07.048",
	url = "http://dx.doi.org/10.1016/j.renene.2014.07.048",
	journal = "Renewable Energy",
	author = "C. L. Bottasso and C. E. D. Riboldi",
	year = 2015,	
}

@article{bottasso_calibration_2014,
	title = {Calibration of wind turbine lifting line models from rotor loads},
	volume = {124},
	issn = {0167-6105},
	url = {http://www.sciencedirect.com/science/article/pii/S0167610513002493},
	doi = {10.1016/j.jweia.2013.11.003},
	url = {http://dx.doi.org/10.1016/j.jweia.2013.11.003},
	urldate = {2016-03-08},
	journal = {Journal of Wind Engineering and Industrial Aerodynamics},
	author = {Bottasso, Carlo L. and Cacciola, Stefano and Iriarte, Xabier},
	month = jan,
	year = {2014},
	pages = {29--45}
}

@techreport{selig_summary_1996,
	title = {Summary of low-speed airfoil data},
	volume = {2},
	url = {http://www.ae.illinois.edu/m-selig/uiuc_lsat/Low-Speed-Airfoil-Data-V2.pdf},
	publisher = {SoarTech Publications},
	author = {Selig, MS and Lyon, CA and Gigu√®re, P and Ninham, CN and Guglielmo, JJ},
	year = {1996}
}

@techreport{somers_s822_2005,
	title = {The {S}822 and {S}823 airfoils},
	url = {https://wind.nrel.gov/airfoils/Documents/S822,S823_Design.pdf},
	number = {NREL/SR-500-36342},
	institution = {NREL},
	author = {Somers, D.M.},
	year = {2005}
}

@misc{deic:data-sources,
  title = "Measurement results, figures, pictures and video's. \url{https://data.deic.dk/shared/62ffdf2d57c8a0133a7f3a43671d0e23}"
}

@misc{github:freeyaw-ojf-wt-tests,
  title = "Post-processing scripts, download instructions, data format descriptions. \url{https://github.com/davidovitch/freeyaw-ojf-wt-tests}"
}

@misc{github:torque2016-freeyaw-measurements,
  title = "Torque paper LaTeX souces. \url{https://github.com/davidovitch/torque2016-freeyaw-measurements/}"
}

@article{haans_measurement_2005,
	title = {Measurement of {Tip} {Vortex} {Paths} in the {Wake} of a {HAWT} {Under} {Yawed} {Flow} {Conditions}},
	volume = {127},
	issn = {0199-6231},
	url = {http://dx.doi.org/10.1115/1.2037092},
	doi = {10.1115/1.2037092},
	number = {4},
	urldate = {2016-06-14},
	journal = {Journal of Solar Energy Engineering},
	author = {Haans, Wouter and Sant, Tonio and van Kuik, Gijs and van Bussel, Gerard},
	month = jun,
	year = {2005},
	note = {00034},
	keywords = {rotor aerodynamics, wind tunnel experiments, wind turbines},
	pages = {456--463}
}

@inproceedings{haans_measurement_2005-1,
	title = {Measurement and {Modelling} of {Tip} {Vortex} {Paths} in the {Wake} of a {HAWT} {Under} {Yawed} {Flow} {Conditions}},
	isbn = {978-1-62410-064-2},
	url = {http://arc.aiaa.org/doi/10.2514/6.2005-590},
	doi = {10.2514/6.2005-590},
	language = {en},
	urldate = {2016-06-14},
	publisher = {American Institute of Aeronautics and Astronautics},
	author = {Haans, Wouter and Sant, Tonio and van Kuik, Gijs and van Bussel, Gerard},
	month = jan,
	year = {2005},
	note = {00018},
	keywords = {rotor aerodynamics, wind tunnel experiments, wind turbines, yaw}
}

@phdthesis{bracchi_downwind_2014,
	type = {{PhD}},
	title = {Downwind {Rotor}: {Studies} on yaw {Stability} and {Design} of a {Suitable} {Thin} {Airfoil}},
	shorttitle = {Downwind {Rotor}},
	url = {http://www.diva-portal.org/smash/record.jsf?pid=diva2%3A735581&dswid=-2798},
	language = {eng},
	urldate = {2016-03-04},
	school = {NTNU},
	author = {Bracchi, Tania},
	year = {2014},
	note = {00000},
	keywords = {non uniform inflow, rotor aerodynamics, rotor design, wind turbines, yaw, yaw stability}
}

@phdthesis{schepers_engineering_2012,
	type = {{PhD}},
	title = {Engineering models in wind energy aerodynamics: {Development}, implementation and analysis using dedicated aerodynamic measurements},
	url = {http://dx.doi.org/10.4233/uuid:92123c07-cc12-4945-973f-103bd744ec87},
	school = {TU Delft},
	author = {Schepers, J.G.},
	year = {2012},
	keywords = {aerodynamic modelling, experiments, MEXNEXT, rotor aerodynamics, wind turbines}
}

@techreport{schepers_final_2012,
	title = {Final report of {IEA} {Task} 29, {Mexnext} ({Phase} 1): {Analysis} of {Mexico} wind tunnel measurements},
	url = {http://www.ecn.nl/publications/ECN-E--12-004},
	number = {ECN-E--12-004},
	urldate = {2013-05-31},
	institution = {ECN},
	author = {Schepers, J.G. and Boorsma, K. and Cho, T. and Gomez-Iradi, S. and Schaffarczyk, P. and Jeromin, A. and Shen, W.Z. and Lutz, T. and Meister, K. and Stoevesandt, B. and Schreck, S. and Micallef, D. and Pereira, R. and Sant, T. and Madsen, H.A. and Sorensen, N.},
	year = {2012},
	keywords = {rotor aerodynamics, wind tunnel experiments, wind turbines}
}

@misc{mexnext_iea_web,
	title = {{IEA} {Wind} {Task} 29 {Mexnext}},
	url = {http://www.mexnext.org/},
	urldate = {2013-05-31},
	journal = {IEA Wind Task 29 Mexnext Homepage},
	author = {{Mexnext}},
	keywords = {MEXNEXT, wind tunnel experiments}
}

@techreport{schepers_model_2007,
	title = {Model {Experiments} in {Controlled} {Conditions}},
	url = {http://www.ecn.nl/publications/ECN-E--07-042},
	number = {ECN-E--07-042},
	urldate = {2013-05-31},
	institution = {ECN},
	author = {Schepers, J.G. and Snel, H.},
	year = {2007},
	keywords = {MEXICO, wind tunnel, wind tunnel experiments, wind turbines}
}

@techreport{hand_unsteady_2001,
	title = {Unsteady {Aerodynamics} {Experiment} {Phase} {VI}: {Wind} {Tunnel} {Test} {Configurations} and {Available} {Data} {Campaigns}},
	shorttitle = {Unsteady {Aerodynamics} {Experiment} {Phase} {VI}},
	url = {http://www.osti.gov/bridge/servlets/purl/15000240-1FhaHo/native/},
	author = {Hand, M. M. and Simms, D. A. and Fingersh, L. J. and Jager, D. W. and Cotrell, J. R. and Schreck, S. and Larwood, S. M.},
	month = dec,
	year = {2001},
	keywords = {NASA-AMES, unsteady aerodynamics, wind tunnel, wind tunnel experiments, wind turbines}
}

@phdthesis{loland_wind_2011,
	type = {{MSc}},
	title = {Wind {Turbine} in {Yawed} {Operation}},
	url = {http://ntnu.diva-portal.org/smash/record.jsf?pid=diva2:438671},
	language = {English},
	urldate = {2013-02-13},
	school = {NTNU},
	author = {Loland, Kari Medby},
	year = {2011},
	keywords = {non uniform inflow, rotor aerodynamics, wind tunnel experiments, wind turbines, yaw}
}

@phdthesis{haans_wind_2011,
	type = {{PhD}},
	title = {Wind turbine aerodynamics in yaw: unravelling the measured rotor wake},
	copyright = {(c)  2011  Haans, W.},
	shorttitle = {Wind turbine aerodynamics in yaw},
	url = {http://resolver.tudelft.nl/uuid:57f0cea4-4e05-47bf-8f53-fb1d6e36d39f},
	language = {en},
	urldate = {2012-10-26},
	school = {TU Delft},
	author = {Haans, W.},
	month = sep,
	year = {2011},
	keywords = {BEM, non uniform inflow, rotor aerodynamics, yaw}
}
